@article{cingolani2012program,
    title={A program for annotating and predicting the effects of single nucleotide polymorphisms, SnpEff: SNPs in the genome of Drosophila melanogaster strain w1118; iso-2; iso-3},
    author={Cingolani, P. and Platts, A. and Coon, M. and Nguyen, T. and Wang, L. and Land, S.J. and Lu, X. and Ruden, D.M.},
    journal={Fly},
    year={2012}
}

@article{DNAcopy,
    title = {DNAcopy: DNA copy number data analysis},
    author = {Venkatraman E. Seshan and Adam Olshen},
    year = {2021},
    note = {R package version 1.68.0},
}

@article{ethseq,
    title = {EthSEQ: ethnicity annotation from whole exome sequencing data},
    journal = {Bioinformatics},
    year = {2017},
    author = {Alessandro Romanel and Tuo Zhang and Olivier Elemento and Francesca Demichelis},
}

@article{clonet,
    title = {CLONETv2: Clonality Estimates in Tumor},
    author = {Davide Prandi},
    year = {2021},
    note = {R package version 2.2.1},
    url = {https://CRAN.R-project.org/package=CLONETv2},
}

@article{tpes,
    title = {TPES: Tumor Purity Estimation using SNVs},
    author = {Alessio Locallo and Davide Prandi and Francesca Demichelis},
    year = {2019},
    note = {R package version 1.0.0},
    url = {https://CRAN.R-project.org/package=TPES},
}

@article{cingolani2012using,
    title={Using Drosophila melanogaster as a model for genotoxic chemical mutational studies with a new program, SnpSift},
    author={Cingolani, P. and Patel, V.M. and Coon, M. and Nguyen, T. and Land, S.J. and Ruden, D.M. and Lu, X.},
    journal={Frontiers in Genetics},
    year={2012},
}

@article{spia,
    title = {SPIAssay: A Genetic-Based Assay for the Identification of Cell Lines},
    author = {Francesca Demichelis and Davide Prandi},
    year = {2016},
    note = {R package version 1.1.0},
    url = {https://CRAN.R-project.org/package=SPIAssay},
  }

@article {Poplin201178,
	author = {Poplin, Ryan and Ruano-Rubio, Valentin and DePristo, Mark A. and Fennell, Tim J. and Carneiro, Mauricio O. and Van der Auwera, Geraldine A. and Kling, David E. and Gauthier, Laura D. and Levy-Moonshine, Ami and Roazen, David and Shakir, Khalid and Thibault, Joel and Chandran, Sheila and Whelan, Chris and Lek, Monkol and Gabriel, Stacey and Daly, Mark J and Neale, Ben and MacArthur, Daniel G. and Banks, Eric},
	title = {Scaling accurate genetic variant discovery to tens of thousands of samples},
	year = {2018},
	journal = {bioRxiv}
}